@article{fan2001variable,
  title={Variable selection via nonconcave penalized likelihood and its oracle properties},
  author={Jianqing Fan and Runze Li},
  journal={Journal of the American Statistical Association},
  volume={96},
  number={456},
  pages={1348--1360},
  year={2001},
  publisher={Taylor \& Francis}
}


@article{wang2013robust,
  title={Robust variable selection with exponential squared loss},
  author={Xueqin Wang and  Yunlu Jiang and  Mian Huang and  Heping Zhang},
  journal={Journal of the American Statistical Association},
  volume={108},
  number={502},
  pages={632--643},
  year={2013},
  publisher={Taylor \& Francis}
}


@book{maronna2019robust,
  title={Robust statistics: theory and methods (with {R})},
  author={ Ricardo Maronna and Douglas Martin and Victor Yohai and  Mat{\'\i}as Salibi{\'a}n-Barrera},
  year={2019},
  publisher={John Wiley \& Sons}
}

@article{wu2008coordinate,
  title={Coordinate descent algorithms for {LASSO} penalized regression},
  author={Tong Tong Wu and Kenneth Lange and others},
  journal={Annals of Applied Statistics},
  volume={2},
  number={1},
  pages={224--244},
  year={2008},
  publisher={Institute of Mathematical Statistics}
}

@inproceedings{ouyang2013stochastic,
  title={Stochastic alternating direction method of multipliers},
  author={Hua Ouyang and Niao He and Long Tran and Alexander Gray},
  booktitle={International Conference on Machine Learning},
  pages={80--88},
  year={2013},
  organization={PMLR}
}


@article{parikh2014proximal,
  title={Proximal algorithms},
  author={Neal Parikh and Stephen Boyd},
  journal={Foundations and Trends in Optimization},
  volume={1},
  number={3},
  pages={127--239},
  year={2014},
  publisher={Now Publishers Inc. Hanover, MA, USA}
}



@article{hunter2004tutorial,
  title={A tutorial on MM algorithms},
  author={Hunter, David R and Lange, Kenneth},
  journal={The American Statistician},
  volume={58},
  number={1},
  pages={30--37},
  year={2004},
  publisher={Taylor \& Francis}
}

@article{zhao2006model,
  title={On model selection consistency of Lasso},
  author={Zhao, Peng and Yu, Bin},
  journal={The Journal of Machine Learning Research},
  volume={7},
  pages={2541--2563},
  year={2006},
  publisher={JMLR. org}
}

@article{susanti2014m,
  title={M estimation, {S} estimation, and {MM} estimation in robust regression},
  author={Susanti, Yuliana and Pratiwi, Hasih and others},
  journal={International Journal of Pure and Applied Mathematics},
  volume={91},
  number={3},
  pages={349--360},
  year={2014},
  publisher={Academic Publications, Ltd.}
}



@article{zou2006adaptive,
  title={The adaptive lasso and its oracle properties},
  author={Zou, Hui},
  journal={Journal of the American statistical association},
  volume={101},
  number={476},
  pages={1418--1429},
  year={2006},
  publisher={Taylor \& Francis}
}



@article{freue2019robust,
  title={Robust elastic net estimators for variable selection and identification of proteomic biomarkers},
  author={Freue, Gabriela V Cohen and Kepplinger, David and Salibi{\'a}n-Barrera, Mat{\'\i}as and Smucler, Ezequiel and others},
  journal={Annals of Applied Statistics},
  volume={13},
  number={4},
  pages={2065--2090},
  year={2019},
  publisher={Institute of Mathematical Statistics}
}

@article{chen2008extended,
  title={Extended Bayesian information criteria for model selection with large model spaces},
  author={Chen, Jiahua and Chen, Zehua},
  journal={Biometrika},
  volume={95},
  number={3},
  pages={759--771},
  year={2008},
  publisher={Oxford University Press}
}